@article{damaging2011,
  title={Cybersecurity Watch Survey: Organizations need more skilled cyber professionals to stay secure},
  author={CERT, CSO, and U.S.S. Service},
  journal = {Software Engineering Institute CERT Program at Carnegie Mellon University and Deloitte}  
  year = {2011},
}
@article{kamra2008detecting,
  title={Detecting anomalous access patterns in relational databases},
  author={Kamra, Ashish and Terzi, Evimaria and Bertino, Elisa},
  journal={The VLDB Journal},
  volume={17},
  number={5},
  pages={1063--1077},
  year={2008},
  publisher={Springer}
}
@MASTERSTHESIS{dror2011thesis,
  author =       {Dror, Ma'ayan},
  title =        {A One-Class Clustering Tree for One-to-Many Data Linkage},
  school =       {Ben-Gurion University of the Negev},
  year =         {2011}
}
@article{dror2014occt,
  title={{OCCT}: A one-class clustering tree for implementing one-to-many data linkage},
  author={Dror, Ma'ayan and Shabtai, Asaf and Rokach, Lior and Elovici, Yuval},
  journal={Knowledge and Data Engineering, IEEE Transactions on},
  volume={26},
  number={3},
  pages={682--697},
  year={2014},
  publisher={IEEE}
}
